Bibtex (bib) file for the thesis style document.
@article{atlasdiscovery,
title = "Observation of a new particle in the search for the Standard Model Higgs boson with the ATLAS detector at the LHC",
journal = "Physics Letters B",
volume = "716",
number = "1",
pages = "1 - 29",
year = "2012",
issn = "0370-2693",
doi = "https://doi.org/10.1016/j.physletb.2012.08.020",
url = "http://www.sciencedirect.com/science/article/pii/S037026931200857X",
author = "{\relax ATLAS Collaboration}"
}

@article{cmsdiscovery2012,
title = "Observation of a new boson at a mass of 125 GeV with the CMS experiment at the LHC",
journal = "Physics Letters B",
volume = "716",
number = "1",
pages = "30 - 61",
year = "2012",
issn = "0370-2693",
doi = "https://doi.org/10.1016/j.physletb.2012.08.021",
url = "http://www.sciencedirect.com/science/article/pii/S0370269312008581",
author = "{\relax CMS Collaboration}"
}

@article{cmsdiscovery2013,
title="{Observation of a new boson with mass near 125 GeV in pp collisions at ${\rm \sqrt{s}}$ = 7 and 8 TeV.}",
journal="Journal of High Energy Physics",
year="2013",
month="Jun",
day="20",
volume="2013",
number="6",
pages="81",
issn="1029-8479",
doi="10.1007/JHEP06(2013)081",
url="https://doi.org/10.1007/JHEP06(2013)081",
author="{\relax CMS Collaboration}",
}

@article{cmshiggstau,
title="Evidence for the 125 GeV Higgs boson decaying to a pair of $\tau$ leptons",
journal="Journal of High Energy Physics",
year="2014",
month="May",
day="22",
volume="2014",
number="5",
pages="104",
issn="1029-8479",
doi="10.1007/JHEP05(2014)104",
url="https://doi.org/10.1007/JHEP05(2014)104",
author="{\relax CMS Collaboration}",
}

@article{cmshiggsbb,
  title = {Search for the standard model Higgs boson produced in association with a $W$ or a $Z$ boson and decaying to bottom quarks},
  author = "{\relax CMS Collaboration}",
  journal = {Phys. Rev. D},
  volume = {89},
  issue = {1},
  pages = {012003},
  numpages = {36},
  year = {2014},
  month = {Jan},
  publisher = {American Physical Society},
  doi = {10.1103/PhysRevD.89.012003},
  url = {https://link.aps.org/doi/10.1103/PhysRevD.89.012003}
}

@article{cmshiggsferm,
  title = {Evidence for the direct decay of the 125 GeV Higgs boson to fermions},
  author = "{\relax CMS Collaboration}",
  journal = {Nature Physics},
  volume = {10},
  pages = {1038},
  year = {2014},
  month = {Jun},
  publisher = {Nature},
  doi = {10.1038/nphys3005},
  url = {http://dx.doi.org/10.1038/nphys3005}
}

@article{atlashiggsbb,
author="{\relax ATLAS Collaboration}",
title="Search for the bb̄ decay of the standard model Higgs boson in associated (W/Z)H production with the ATLAS detector.",
journal="Journal of High Energy Physics",
year="2015",
month="Jan",
day="14",
volume="2015",
number="1",
pages="69",
issn="1029-8479",
doi="10.1007/JHEP01(2015)069",
url="https://doi.org/10.1007/JHEP01(2015)069"
}

@article{cmshiggsmumu,
author = "{\relax CMS Collaboration}",
title = "Search for a standard model-like Higgs boson in the μ+μ− and e+e− decay channels at the LHC",
journal = "Physics Letters B",
volume = "744",
number = "Supplement C",
pages = "184 - 207",
year = "2015",
issn = "0370-2693",
doi = "https://doi.org/10.1016/j.physletb.2015.03.048",
url = "http://www.sciencedirect.com/science/article/pii/S0370269315002117",
}

@article{smallestbranch1,
title = "Higgs decays to muons in weak boson fusion",
journal = "Physics Letters B",
volume = "520",
number = "1",
pages = "108 - 114",
year = "2001",
issn = "0370-2693",
doi = "https://doi.org/10.1016/S0370-2693(01)01157-1",
url = "http://www.sciencedirect.com/science/article/pii/S0370269301011571",
author = "Tilman Plehn and David Rainwater"
}

@article{smallestbranch2,
title = "h→μ+μ− via gluon fusion at the LHC",
journal = "Physics Letters B",
volume = "528",
number = "1",
pages = "81 - 85",
year = "2002",
issn = "0370-2693",
doi = "https://doi.org/10.1016/S0370-2693(02)01208-X",
url = "http://www.sciencedirect.com/science/article/pii/S037026930201208X",
author = "Tao Han and Bob McElrath"
}

@techreport{Tapper:1556311,
      author        = "Tapper, A and Acosta, Darin",
      editor        = "Tapper, A",
      title         = "{CMS Technical Design Report for the Level-1 Trigger
                       Upgrade}",
      collaboration = "CMS Collaboration",
      number        = "CERN-LHCC-2013-011. CMS-TDR-12",
      month         = "Jun",
      year          = "2013",
      reportNumber  = "CERN-LHCC-2013-011",
      url           = "https://cds.cern.ch/record/1556311",
      note          = "Additional contacts: Jeffrey Spalding, Fermilab,
                       Jeffrey.Spalding@cern.ch Didier Contardo, Universite Claude
                       Bernard-Lyon I, didier.claude.contardo@cern.ch",
}
@article{CMS-DP-2017-041,
      author        = "{\relax CMS Collaboration}",
      title         = "{Level-1 muon trigger performance in 2017 data and
                       comparison with the legacy muon trigger system}",
      month         = "Sep",
      year          = "2017",
      reportNumber  = "CMS-DP-2017-041",
      url           = "https://cds.cern.ch/record/2286327",
}
@article{Hocker:2007ht, 
      author	=	"Hoecker, Andreas and Speckmayer, Peter and Stelzer, Joerg and Therhaag, Jan and von Toerne, Eckhard and Voss, Helge",
      title	 = 	"{TMVA: Toolkit for Multivariate Data Analysis}",
      journal	 = 	"PoS",
      volume	 = 	"ACAT",
      year	 = 	"2007",
      pages	 = 	"040",
      eprint	 = 	"physics/0703039",
      archivePrefix	 = 	"arXiv",
      SLACcitation	 = 	"%%CITATION = PHYSICS/0703039;%%"
}
@article{Khachatryan:2016bia,
    author         = "Khachatryan, Vardan and others",
    title          = "{The CMS trigger system}",
    collaboration  = "CMS",
    journal        = "JINST",
    volume         = "12",
    year           = "2017",
    number         = "01",
    pages          = "P01020",
    doi            = "10.1088/1748-0221/12/01/P01020",
    eprint         = "1609.02366",
    archivePrefix  = "arXiv",
    primaryClass   = "physics.ins-det",
    reportNumber   = "CMS-TRG-12-001, CERN-EP-2016-160",
    SLACcitation   = "%%CITATION = ARXIV:1609.02366;%%"
}

@techreport{tdr,
      author        = "CMS Collaboration",
      title         = "{CMS Technical Design Report, Volume I: Detector Performance and Software}",
      number        = "CERN-LHCC-2006-001, CMS-TDR-008-1",
      year          = "2006"
}

@techreport{mutdr,
      author        = "CMS Collaboration",
      title         = "{The CMS muon project: Technical Design Report}",
      number        = "CERN-LHCC-97-032, CMS-TDR-3",
      year          = "1997"
}

@book{feynhibbs,
  author =       "Richard P. (Richard Phillips) Feynman and Albert R.
                 Hibbs",
  title =        "Quantum mechanics and path integrals",
  publisher =    pub-MCGRAW-HILL,
  address =      pub-MCGRAW-HILL:adr,
  pages =        "xiv + 365",
  year =         "1965",
  LCCN =         "QC174.1 .F39",
  bibdate =      "Wed Jul 28 09:44:22 MDT 2010",
  bibsource =    "http://www.math.utah.edu/pub/bibnet/authors/f/feynman-richard-p.bib;
                 z3950.loc.gov:7090/Voyager",
  series =       "International series in pure and applied physics",
  ZMnumber =     "Zbl 0176.54902",
  acknowledgement = ack-nhfb,
  author-dates = "Richard Phillips Feynman (1918--1988)",
  subject =      "Quantum theory",
}

@book{peskin,
      author        = "Peskin, Michael E and Schroeder, Daniel V",
      title         = "{An Introduction to Quantum Field Theory}",
      publisher     = "Westview",
      address       = "Boulder, CO",
      year          = "1995"
}

@book{zee,
      author        = "Zee, A",
      title         = "{Quantum Field Theory in a Nutshell}",
      publisher     = "Princeton Univ. Press",
      address       = "Princeton, NJ",
      series        = "Nutshell handbook",
      year          = "2003"
}

@book{physymm,
      author        = "Jakob Schwichtenberg",
      title         = "{Physics from Symmetry}",
      publisher     = "Springer International Publishing",
      address       = "Switzerland",
      series        = "Undergraduate Lecture Notes in Physics",
      year          = "2015"
}

@book{weinberg,
  author = {Weinberg, Steven},
  publisher = {Cambridge University Press},
  title = {The Quantum Theory of Fields, Volume 1: Foundations},
  year = 2005
}

\bibitem{cmsexp}
CMS Collaboration, The CMS experiment at the CERN LHC. JINST 3, S08004 (2008). 
doi:10.1088/1748-0221/3/08/S08004

\bibitem{muonsys}
CMS Collaboration, 
The performance of the CMS muon detector in proton-proton collisions at ${\rm \sqrt{s}}$ = 7 TeV at the LHC. JINST 8, P11002 (2013).
doi:10.1088/1748-0221/8/11/P11002. arXiv:1306.6905

\bibitem{LHC}
L. Evans et al., LHC machine. JINST 3, S08001 (2008).
doi:10.1088/1748-0221/3/08/S08001

\bibitem{cernaccelcomplex}
C. Lefèvre, The CERN accelerator complex. Diagram (2008). CERN-DI-0812015

\bibitem{crossbranchplots}
LHC Higgs Cross Section Working Group,
Higgs cross sections and decay branching ratios. 
CERN Wiki Page (2015).
https://twiki.cern.ch/twiki/bin/view/LHCPhysics/CrossSections

\bibitem{cmscollab}
CMS Collaboration,
CMS Collaboration. 
CMS Web (2015).
http://cms.web.cern.ch/content/cms-collaboration

\bibitem{cmsweb}
CMS Collaboration,
CMS Web (2011).
http://cms.web.cern.ch/

\bibitem{smnograv}
Sean Carroll, Ph.D., Cal Tech, 2007, The Teaching Company, Dark Matter, Dark Energy: The Dark Side of the Universe
 
\bibitem{englerthiggs}
F. Englert, R. Brout, 
Broken symmetry and the mass of gauge vector mesons.
Phys. Rev. Lett. 13, 321 (1964). doi:10.1103/PhysRevLett.13.321

\bibitem{higgs1}
P.W. Higgs, Broken symmetries, massless particles and gauge fields. Phys. Lett.
12, 132 (1964). doi:10.1016/0031-9163(64)91136-9

\bibitem{higgs2}
P.W. Higgs, 
Broken symmetries and the masses of gauge bosons. 
Phys. Rev. Lett. 13, 508 (1964). 
doi:10.1103/PhysRevLett.13.508

\bibitem{guralnikhiggs}
G. Guralnik, C. Hagen, T. Kibble, 
Global conservation laws and massless particles. 
Phys. Rev. Lett. 13, 585 (1964). 
doi:10.1103/PhysRevLett.13.585

\bibitem{higgs3}
P.W. Higgs, 
Spontaneous symmetry breakdown without massless bosons. 
Phys. Rev. 145, 1156 (1966). 
doi:10.1103/PhysRev.145.1156

\bibitem{kibblehiggs}
T. Kibble, Symmetry breaking in nonabelian gauge theories. Phys. Rev. 155, 1554
(1967). doi:10.1103/PhysRev.155.1554

\bibitem{pdgreview}
Particle Data Group, 
Review of particle physics. 
Phys. Rev. D 86, 010001 (2012).
doi:10.1103/PhysRevD.86.010001

\bibitem{bdt}
Friedman, Jerome H, 
Greedy function approximation: A gradient boosting machine. Ann. Statist. 29 (2001), no. 5, 1189--1232. 
doi:10.1214/aos/1013203451.
